% Short tutorial: http://www.csse.monash.edu.au/documents/bibtex/
@book{kan,
  title={Numerical Methods in Scientific Computing},
  author={van Kan, J. and Segal, G. and Vermolen, F.},
  isbn={9789065621795},
  url={http://www.vssd.nl/hlf/a002.htm},
  year={2014},
  publisher={VSSD},
  edition={second}
}